%% This BibTeX bibliography file was created using BibDesk.
%% http://bibdesk.sourceforge.net/


%% Created for Lauro Cesar Araujo at 2013-08-21 10:57:09 -0300 


%% Saved with string encoding Unicode (UTF-8) 
@misc{quarterman,
  title = {Internet Resource Discovery Services by Bytes (Logarithmic Scale)},
  howpublished = {\url{http://www.quarterman.com/pictures/1991-1994--mn/SCAN0419.html}},
  year = 1994,
  note = {Accesso em 26 Dez. 2022}
}

@misc{onu,
  title = {Number of People Using the Internet},
  howpublished = {\url{https://ourworldindata.org/grapher/number-of-internet-users?time=earliest..2000&country=~OWID_WRL}},
  year = 2023,
  note = {Accesso em 03 Mar. 2023}
}

@book{loja_de_tudo,
  title={A loja de tudo},
  author={Stone, B.},
  isbn={9788580574906},
  url={https://books.google.com.br/books?id=2dktAwAAQBAJ},
  publisher={Editora Intrinseca},
  year = 2013
}

@book{dot.con,
  title={Dot.con: How America Lost Its Mind and Money in the Internet Era},
  author={Cassidy, John},
  isbn={0060008814},
  publisher={Harper Perennial},
  year = 2003
}

@misc{manual_usuario,
  title = {O Mercado Livre se veste de Amazon para combater a própria Amazon},
  author = {Guilherme Felitti},
  howpublished = {\url{https://manualdousuario.net/podcast/tecnocracia-47/}},
  year = 2021,
  note = {Accesso em 26 Dez. 2022}
}

https://builtin.com/artificial-intelligence/ai-retail-ecommerce-tech

@misc{ai_in_ecommerce,
  title = {AI in Retail and E-Commerce: 17 Examples to Know},
  author = {Mike Thomas},
  howpublished = {\url{https://builtin.com/artificial-intelligence/ai-retail-ecommerce-tech}},
  year = 2022,
  note = {Accesso em 13 Mar. 2023}
}

@misc{febraban2024,
  author       = {FEBRABAN and Deloitte},
  title        = {Pesquisa FEBRABAN de Tecnologia Bancária - Volume 2},
  year         = {2024},
  howpublished = {\url{https://www.febraban.org.br}},
  note         = {Acesso em: 9 abr. 2025},
  institution  = {Federação Brasileira de Bancos (FEBRABAN) e Deloitte},
}

@misc{datasenado,
  author       = {{Instituto DataSenado}},
  title        = {Panorama Político 2024: apostas esportivas, golpes digitais e endividamento},
  year         = {2024},
  howpublished = {\url{https://www12.senado.leg.br/noticias/materias/2024/10/01/golpes-digitais-atingem-24-da-populacao-brasileira-revela-datasenado}},
  note         = {Acesso em: 14 abr. 2025}
}

@misc{nist_nvlap,
  author = {{National Institute of Standards and Technology}},
  title = {National Voluntary Laboratory Accreditation Program (NVLAP)},
  year = {2023},
  url = {https://www.nist.gov/nvlap},
  note = {Acesso em: 19 maio 2025},
  organization = {U.S. Department of Commerce}
}

@misc{facetec_2025,
  author = {{FaceTec, Inc.}},
  title = {FaceTec.com | 3D Liveness, 3D Face Matching, UR Codes},
  year = {2025},
  url = {https://www.facetec.com/},
  note = {Acesso em: 19 maio 2025},
  organization = {FaceTec, Inc.}
}

@misc{exato_digital_doccheck,
  author = {{Exato Digital}},
  title = {Validação Facial DocCheck},
  year = {2025},
  url = {https://blog.exato.digital/validacao-facial-doccheck/},
  note = {Acesso em: 19 maio 2025},
  organization = {Exato Digital}
}

@misc{iproov_2025,
  author = {{iProov Limited}},
  title = {iProov: Verificação Facial Segura e Autenticação Biométrica},
  year = {2025},
  url = {https://www.iproov.com/pt-br/},
  note = {Acesso em: 19 maio 2025},
  organization = {iProov Limited}
}

@techreport{iproov_threat_2025,
  author = {{iProov Limited}},
  title = {Relatório de Inteligência de Ameaças 2025},
  year = {2025},
  url = {https://www.iproov.com/press/annual-identity-verification-threat-intelligence-report},
  note = {Acesso em: 19 maio 2025},
  institution = {iProov Limited}
}

@misc{aws_rekognition_2023,
  author = {{Amazon Web Services}},
  title = {Amazon Rekognition Face Liveness},
  year = {2023},
  url = {https://aws.amazon.com/pt/rekognition/face-liveness/},
  note = {Acesso em: 19 maio 2025},
  organization = {AWS}
}

@techreport{aws_ai_cards_2023,
  author = {{Amazon Web Services}},
  title = {AWS AI Service Cards: Responsible AI Guidelines},
  year = {2023},
  url = {https://docs.aws.amazon.com/rekognition/latest/dg/face-liveness.html},
  note = {Acesso em: 19 maio 2025},
  institution = {AWS}
}

@misc{aws_blog_2023,
  author = {{Amazon Web Services}},
  title = {Detect Real Users with Face Liveness},
  year = {2023},
  url = {https://aws.amazon.com/blogs/machine-learning/detect-real-users-with-amazon-rekognition-face-liveness/},
  note = {Acesso em: 19 maio 2025},
  organization = {AWS}
}

@misc{zhou2018manipulation,
  author = {Zhou, Peng and Han, Xintong and Morariu, Vlad I. and Davis, Larry S.},
  title = {Learning Rich Features for Image Manipulation Detection},
  year = {2018},
  url = {https://arxiv.org/abs/1805.04953},
  note = {Acesso em: [insira data]},
  archiveprefix = {arXiv},
  eprint = {1805.04953},
  primaryclass = {cs.CV}
}

@misc{wu2023rethinking,
  author = {Wu, Haiwei and Chen, Yiming and Zhou, Jiantao},
  title = {Rethinking Image Forgery Detection via Contrastive Learning and Unsupervised Clustering},
  year = {2023},
  url = {https://arxiv.org/abs/2308.09307},
  note = {Acesso em: [insira data]},
  archiveprefix = {arXiv},
  eprint = {2308.09307},
  primaryclass = {cs.CV}
}

@incollection{filho_etal_texturas,
  author = {Filho et. Al},
  title = {Capítulo 7: Algoritmos de Visão Computacional},
  booktitle = {[Título do Livro ou Trabalho]},
  publisher = {[Editora]},
  year = {[Ano]},
  pages = {31-48},
  location = {[Local]},
}


@misc{ebit,
  author = {Ebit and Nielsen},
  title = {Webshoppers 43},
  year = 2021,
  url = {https://www.mobiletime.com.br/wp-content/uploads/2021/03/Webshoppers_43.pdf},
  note = {[Acesso em 17 Out. 2022]}}
  
@article{singh,
	Author = {Mohini Singh},
	Journal = {Managing Service Quality: An International Journal},
	Number = {6},
	Pages = {434-446},
	Title = {E‐services and their role in B2C e‐commerce},
	Volume = {12},
	Year = {2002}}
	
@mastersthesis{marketplace,
	Author = {João Roberto Conceição Rosa},
	School = {Faculdade FIA de Administração e Negócios},
	Year = {2019},
	Month = {Março},
	Title = {Marketplace no Brasil: Desafios, Vantagens e Tendências deste Modelo de Negócio para Empresas Varejistas},
	Address = {São Paulo, SP}}
	
@misc{ml,
  author = {{Mercado Livre}},
  title = {História do Mercado Livre: nossos primeiros passos, nossa trajetória},
  year = 2020,
  url = {https://www.mercadolivre.com.br/institucional/estamos/historia-do-mercado-livre},
  note = {[Acesso em 30 Out. 2022]}}
  
@misc{ml_report,
  author = {{MercadoLibre, Inc.}},
  title = {Reports: Second Quarter 2022},
  year = 2022,
  url = {https://investor.mercadolibre.com/static-files/707802c1-7cfb-4cfc-86a1-cc99dea44df7},
  note = {[Acesso em 30 Out. 2022]}}
  
@inproceedings{kg,
  title={Generating Knowledge Graphs from Unstructured Texts: Experiences in the E-commerce Field for Question Answering},
  author={Sant'Anna, Diogo Teles and Caus, Rodrigo Oliveira and dos Santos Ramos, Lucas and Hochgreb, Victor and dos Reis, Julio Cesar},
  booktitle={ASLD@ ISWC},
  pages={56--71},
  year={2020}
}

@mastersthesis{df,
    type = {Bacharelado},
	Author = {Luiz Eduardo Araujo Zucchi and Julio Cesar dos Reis},
	School = {Universidade Estadual de Campinas},
	Year = {2021},
	Month = {Julho},
	Title = {Sistema automatizado de questão e respostas em e-commerce baseado em similaridade de sentenças multilíngues},
	Address = {Campinas, SP}}

@article{qna_field,
  title={How questions and answers shape online marketplaces: The Case of Amazon answer},
  author={Khern-am-nuai, Warut and Ghasemkhani, Hossein and Kannan, Karthik},
  year={2017}
}
	
@misc{qna_survey,
  author = {{Power Reviews}},
  title = {How Q\&A Eliminates Uncertainty and Boosts Ecommerce Sales},
  year = 2022,
  url = {https://www.powerreviews.com/insights/how-q-and-a-boosts-ecommerce-sales/},
  note = {[Acesso em 31 Out. 2022]}}
  
@inproceedings{bagatini,
  title={O Contexto do e-commerce no Brasil: An{\'a}lise do Desempenho do Varejo Online no Per{\'\i}odo de 2003 a 2018},
  author={Bagatini, Francine Zanin and Laimer, Claudionor Guedes},
  booktitle={CLAV 2019},
  year={2019}
}

@misc{internet_brasil,
  author = {{Gov.br}},
  title = {90\% dos lares brasileiros já tem acesso à internet no Brasil, aponta pesquisa},
  year = 2022,
  url = {https://www.gov.br/casacivil/pt-br/assuntos/noticias/2022/setembro/90-dos-lares-brasileiros-ja-tem-acesso-a-internet-no-brasil-aponta-pesquisa},
  note = {[Acesso em 31 Out. 2022]}}
  
@incollection{survey,
  title={A survey of text classification algorithms},
  author={Aggarwal, Charu C and Zhai, ChengXiang},
  booktitle={Mining text data},
  pages={163--222},
  year={2012},
  publisher={Springer}
}

@inproceedings{info-retrieval,
  title={Little words can make a big difference for text classification},
  author={Riloff, Ellen},
  booktitle={Proceedings of the 18th annual international ACM SIGIR conference on Research and development in information retrieval},
  pages={130--136},
  year={1995}
}

@Article{info-filtering,
author={Khan, Imran
and Naqvi, S. K.
and Alam, Mansaf
and Rizvi, S. N. A.},
title={An efficient framework for real-time tweet classification},
journal={International Journal of Information Technology},
year={2017},
month={Jun},
day={01},
volume={9},
number={2},
pages={215-221},
abstract={Increasing popularity of social networking sites like facebook, twitter, google+ etc. is contributing in fast proliferation of big data. Amongst social Networking sites, twitter is one of the most common source of big data where people from across the world share their views on various topics and subjects. With daily Active user count of 100-million+ users twitter is becoming a rich information source for finding trends and current happenings around the world. Twitter does provide a limited ``trends'' feature. To make twitter trends more interesting and informative, in this paper we propose a framework that can analyze twitter data and classify tweets on some specific subject to generate trends. We illustrate the use of framework by analyzing the tweets on ``Politics'' domain as a subject. In order to classify tweets we propose a tweet classification algorithm that efficiently classify the tweets.},
issn={2511-2112},
doi={10.1007/s41870-017-0015-x},
url={https://doi.org/10.1007/s41870-017-0015-x}
}

@article{sentiment-analysis,
  title={An{\'a}lise dos sentimentos expressos na rede social Twitter em rela{\c{c}}{\~a}o aos filmes indicados ao Oscar 2017},
  author={Corr{\^e}a, Igor Tann{\'u}s and others},
  year={2017},
  publisher={Universidade Federal de Uberl{\^a}ndia}
}

@inproceedings{recommender-systems,
author = {Mooney, Raymond J. and Roy, Loriene},
title = {Content-Based Book Recommending Using Learning for Text Categorization},
year = {2000},
isbn = {158113231X},
publisher = {Association for Computing Machinery},
address = {New York, NY, USA},
url = {https://doi.org/10.1145/336597.336662},
doi = {10.1145/336597.336662},
abstract = {Recommender systems improve access to relevant products and information by making personalized suggestions based on previous examples of a user's likes and dislikes. Most existing recommender systems use collaborative filtering methods that base recommendations on other users' preferences. By contrast,content-based methods use information about an item itself to make suggestions.This approach has the advantage of being able to recommend previously unrated items to users with unique interests and to provide explanations for its recommendations. We describe a content-based book recommending system that utilizes information extraction and a machine-learning algorithm for text categorization. Initial experimental results demonstrate that this approach can produce accurate recommendations.},
booktitle = {Proceedings of the Fifth ACM Conference on Digital Libraries},
pages = {195–204},
numpages = {10},
keywords = {machine learning, information filtering, text categorization, recommender systems},
location = {San Antonio, Texas, USA},
series = {DL '00}
}


@article{survey2,
  title={Text classification algorithms: A survey},
  author={Kowsari, Kamran and Jafari Meimandi, Kiana and Heidarysafa, Mojtaba and Mendu, Sanjana and Barnes, Laura and Brown, Donald},
  journal={Information},
  volume={10},
  number={4},
  pages={150},
  year={2019},
  publisher={MDPI}
}

@inproceedings{aliexpress,
  title={Learning to extract attribute value from product via question answering: A multi-task approach},
  author={Wang, Qifan and Yang, Li and Kanagal, Bhargav and Sanghai, Sumit and Sivakumar, D and Shu, Bin and Yu, Zac and Elsas, Jon},
  booktitle={Proceedings of the 26th ACM SIGKDD International Conference on Knowledge Discovery \& Data Mining},
  pages={47--55},
  year={2020}
}

@book{transformers_book,
  title={Natural Language Processing with Transformers: Building Language Applications with Hugging Face},
  author={Tunstall, L. and von Werra, L. and Wolf, T.},
  isbn={9781098103248},
  year={2022},
  publisher={O'Reilly Media}
}

@book{practical_nlp,
  title={Practical Natural Language Processing: A Comprehensive Guide to Building Real-World NLP Systems},
  author={Vajjala, S. and Majumder, B. and Gupta, A. and Surana, H.},
  isbn={9781492054023},
  year={2020},
  publisher={O'Reilly Media}
}

@book{web_scaping,
  title={Web Scraping with Python: Collecting More Data from the Modern Web},
  author={Mitchell, R.},
  isbn={9781491985526},
  year={2018},
  publisher={O'Reilly Media}
}

@book{data_science_handbook,
  title={Python Data Science Handbook: Essential Tools for Working with Data},
  author={VanderPlas, J.},
  isbn={9781491912058},
  lccn={2017385426},
  year={2016},
  publisher={O'Reilly Media, Incorporated}
}

@misc{reduzir_custos,
  author = {Elisa Brombim},
  title = {Como reduzir custos com atendimento},
  year = 2021,
  url = {https://www.ecommercebrasil.com.br/artigos/como-reduzir-custos-com-atendimento},
  note = {[Acesso em 14 Nov. 2022]}}
  
@misc{ia_como_norma,
  author = {{Callcenter.inf.br}},
  title = {IA como norma},
  year = 2019,
  url = {https://www.callcenter.inf.br/estatisticas/69280/ia-como-norma/ler.aspx},
  note = {[Acesso em 14 Nov. 2022]}}

@article{chatbots_survey1,
author = {Luo, Bei and Lau, Raymond Y. K. and Li, Chunping and Si, Yain-Whar},
title = {A critical review of state-of-the-art chatbot designs and applications},
journal = {WIREs Data Mining and Knowledge Discovery},
volume = {12},
number = {1},
pages = {e1434},
keywords = {Chatbot applications, Chatbots, conversational agents, deep learning, machine learning},
doi = {https://doi.org/10.1002/widm.1434},
url = {https://wires.onlinelibrary.wiley.com/doi/abs/10.1002/widm.1434},
eprint = {https://wires.onlinelibrary.wiley.com/doi/pdf/10.1002/widm.1434},
abstract = {Abstract Chatbots are intelligent conversational agents that can interact with users through natural languages. As chatbots can perform a variety of tasks, many companies have committed numerous resources to develop and deploy chatbots to enhance various business processes. However, we lack an up-to-date critical review that thoroughly examines both state-of-the-art technologies and innovative applications of chatbots. In this review, we not only critically analyze the various computational approaches used to develop state-of-the-art chatbots, but also thoroughly review the usability and applications of chatbots for various business sectors. We also identify gaps in chatbot-related studies and propose new research directions to address the shortcomings of existing studies and applications. Our review advances both academic research and practical business applications of state-of-the-art chatbots. We provide guidance for practitioners to fully realize the business value of chatbots and assist in making sensible decisions related to the development and deployment of chatbots in various business contexts. Researchers interested in the design and development of chatbots can also gain useful insights from our critical review and identify fruitful research topics and future research directions based on the research gaps discussed herein. This article is categorized under: Technologies > Machine Learning Application Areas > Business and Industry},
year = {2022}
}


@misc{chatbots_survey2,
  author = {{Tidio}},
  title = {The Future of Chatbots: 80+ Chatbot Statistics for 2023},
  year = 2023,
  url = {https://www.tidio.com/blog/chatbot-statistics/},
  note = {[Acesso em 02 Mai. 2023]}}


@misc{chatbots_survey3,
  author = {{Mona Bushnell}},
  title = {Human or AI? Realistic Chatbots on the Rise},
  year = 2023,
  url = {https://www.businessnewsdaily.com/9821-smb-artificial-intelligence-chatbots.html},
  note = {[Acesso em 02 Mai. 2023]}}
  
@article{effects_of_corpus_size,
  title={The effects of corpus size and homogeneity on language model quality},
  author={Rose, Tony and Haddock, Nick and Tucker, Roger},
  year={1997},
  publisher={Goldsmiths, University of London}
}

@misc{80_20,
  author = {{The Data Detective}},
  title = {The 80/20 Split Intuition and an Alternative Split Method},
  year = 2020,
  url = {https://towardsdatascience.com/finally-why-we-use-an-80-20-split-for-training-and-test-data-plus-an-alternative-method-oh-yes-edc77e96295d},
  note = {[Acesso em 14 Nov. 2022]}}
  
@article{etaiwi2017impact,
  title={The impact of applying different preprocessing steps on review spam detection},
  author={Etaiwi, Wael and Naymat, Ghazi},
  journal={Procedia computer science},
  volume={113},
  pages={273--279},
  year={2017},
  publisher={Elsevier}
}

@incollection{raina2022natural,
  title={Natural language processing},
  author={Raina, Vineet and Krishnamurthy, Srinath},
  booktitle={Building an Effective Data Science Practice},
  pages={63--73},
  year={2022},
  publisher={Springer}
}

@article{bag-of-wordsPaper,
author = {Zellig S. Harris},
title = {Distributional Structure},
journal = {WORD},
volume = {10},
number = {2-3},
pages = {146-162},
year  = {1954},
publisher = {Routledge},
doi = {10.1080/00437956.1954.11659520},
URL = {     
        https://doi.org/10.1080/00437956.1954.11659520    
},
eprint = {    
        https://doi.org/10.1080/00437956.1954.11659520
}
}

@article{tf-idfPaper,
  title={A statistical interpretation of term specificity and its application in retrieval},
  author={Sparck Jones, Karen},
  journal={Journal of documentation},
  volume={28},
  number={1},
  pages={11--21},
  year={1972},
  publisher={MCB UP Ltd}
}

@article{bag_of_words,
  title={Pretext: Uma ferramenta para pr{\'e}-processamento de textos utilizando a abordagem bag-of-words},
  author={Matsubara, Edson Takashi and Martins, Claudia Aparecida and Monard, Maria Carolina},
  journal={Techinical Report},
  volume={209},
  number={4},
  pages={10--11},
  year={2003}
}

@Inbook{tf-idf,
    editor="Sammut, Claude
    and Webb, Geoffrey I.",
    title="TF--IDF",
    bookTitle="Encyclopedia of Machine Learning",
    year="2010",
    publisher="Springer US",
    address="Boston, MA",
    pages="986--987",
    isbn="978-0-387-30164-8",
    doi="10.1007/978-0-387-30164-8_832",
    url="https://doi.org/10.1007/978-0-387-30164-8_832"
}

@inproceedings{wordpiece1,
  title={Japanese and korean voice search},
  author={Schuster, Mike and Nakajima, Kaisuke},
  booktitle={2012 IEEE international conference on acoustics, speech and signal processing (ICASSP)},
  pages={5149--5152},
  year={2012},
  organization={IEEE}
}

@article{wordpiece2,
  title={Google's neural machine translation system: Bridging the gap between human and machine translation},
  author={Wu, Yonghui and Schuster, Mike and Chen, Zhifeng and Le, Quoc V and Norouzi, Mohammad and Macherey, Wolfgang and Krikun, Maxim and Cao, Yuan and Gao, Qin and Macherey, Klaus and others},
  journal={arXiv preprint arXiv:1609.08144},
  year={2016}
}

@inproceedings{hf_transformers_paper,
    title = "Transformers: State-of-the-Art Natural Language Processing",
    author = "Wolf, Thomas  and
      Debut, Lysandre  and
      Sanh, Victor  and
      Chaumond, Julien  and
      Delangue, Clement  and
      Moi, Anthony  and
      Cistac, Pierric  and
      Rault, Tim  and
      Louf, Remi  and
      Funtowicz, Morgan  and
      Davison, Joe  and
      Shleifer, Sam  and
      von Platen, Patrick  and
      Ma, Clara  and
      Jernite, Yacine  and
      Plu, Julien  and
      Xu, Canwen  and
      Le Scao, Teven  and
      Gugger, Sylvain  and
      Drame, Mariama  and
      Lhoest, Quentin  and
      Rush, Alexander",
    booktitle = "Proceedings of the 2020 Conference on Empirical Methods in Natural Language Processing: System Demonstrations",
    month = oct,
    year = "2020",
    address = "Online",
    publisher = "Association for Computational Linguistics",
    url = "https://aclanthology.org/2020.emnlp-demos.6",
    doi = "10.18653/v1/2020.emnlp-demos.6",
    pages = "38--45",
    abstract = "Recent progress in natural language processing has been driven by advances in both model architecture and model pretraining. Transformer architectures have facilitated building higher-capacity models and pretraining has made it possible to effectively utilize this capacity for a wide variety of tasks. Transformers is an open-source library with the goal of opening up these advances to the wider machine learning community. The library consists of carefully engineered state-of-the art Transformer architectures under a unified API. Backing this library is a curated collection of pretrained models made by and available for the community. Transformers is designed to be extensible by researchers, simple for practitioners, and fast and robust in industrial deployments. The library is available at https://github.com/huggingface/transformers.",
}

@article{rocchio,
  title={Relevance feedback in information retrieval},
  author={Rocchio, Joseph},
  journal={The Smart retrieval system-experiments in automatic document processing},
  pages={313--323},
  year={1971},
  publisher={Prentice Hall}
}

@article{boosting,
  title={The strength of weak learnability},
  author={Schapire, Robert E},
  journal={Machine learning},
  volume={5},
  number={2},
  pages={197--227},
  year={1990},
  publisher={Springer}
}

@article{bagging,
  title={Bagging predictors},
  author={Breiman, Leo},
  journal={Machine learning},
  volume={24},
  number={2},
  pages={123--140},
  year={1996},
  publisher={Springer}
}

@book{logistic_regression,
  title={Analysis of binary data},
  author={Cox, David Roxbee and Snell, E Joyce},
  year={2018},
  publisher={Routledge}
}

@article{naive_bayes,
  title={An algorithm for suffix stripping},
  author={Porter, Martin F},
  journal={Program},
  year={1980},
  publisher={MCB UP Ltd}
}

@article{k_nearest,
  title={An improved K-nearest-neighbor algorithm for text categorization},
  author={Jiang, Shengyi and Pang, Guansong and Wu, Meiling and Kuang, Limin},
  journal={Expert Systems with Applications},
  volume={39},
  number={1},
  pages={1503--1509},
  year={2012},
  publisher={Elsevier}
}

@article{svm,
  title={A class of algorithms for pattern recognition learning},
  author={Vapnik, V and Chervonenkis, A Ya},
  journal={Avtomat. i Telemekh},
  volume={25},
  number={6},
  pages={937--945},
  year={1964}
}

@article{decision_tree,
  title={Problems in the analysis of survey data, and a proposal},
  author={Morgan, James N and Sonquist, John A},
  journal={Journal of the American statistical association},
  volume={58},
  number={302},
  pages={415--434},
  year={1963},
  publisher={Taylor \& Francis}
}

@inproceedings{random_forests,
  title={Random decision forests},
  author={Ho, Tin Kam},
  booktitle={Proceedings of 3rd international conference on document analysis and recognition},
  volume={1},
  pages={278--282},
  year={1995},
  organization={IEEE}
}

@article{survey3,
    author = {Minaee, Shervin and Kalchbrenner, Nal and Cambria, Erik and Nikzad, Narjes and Chenaghlu, Meysam and Gao, Jianfeng},
    title = {Deep Learning--Based Text Classification: A Comprehensive Review},
    year = {2021},
    issue_date = {April 2022},
    publisher = {Association for Computing Machinery},
    address = {New York, NY, USA},
    volume = {54},
    number = {3},
    issn = {0360-0300},
    url = {https://doi.org/10.1145/3439726},
    doi = {10.1145/3439726},
    abstract = {Deep learning--based models have surpassed classical machine learning--based approaches in various text classification tasks, including sentiment analysis, news categorization, question answering, and natural language inference. In this article, we provide a comprehensive review of more than 150 deep learning--based models for text classification developed in recent years, and we discuss their technical contributions, similarities, and strengths. We also provide a summary of more than 40 popular datasets widely used for text classification. Finally, we provide a quantitative analysis of the performance of different deep learning models on popular benchmarks, and we discuss future research directions.},
    journal = {ACM Comput. Surv.},
    month = {apr},
    articleno = {62},
    numpages = {40},
    keywords = {question answering, news categorization, topic classification, natural language inference, sentiment analysis, deep learning, Text classification}
}

@article{attention_is_all_you_need,
  title={Attention is all you need},
  author={Vaswani, Ashish and Shazeer, Noam and Parmar, Niki and Uszkoreit, Jakob and Jones, Llion and Gomez, Aidan N and Kaiser, {\L}ukasz and Polosukhin, Illia},
  journal={Advances in neural information processing systems},
  volume={30},
  year={2017}
}

@inproceedings{bert,
    title = "{BERT}: Pre-training of Deep Bidirectional Transformers for Language Understanding",
    author = "Devlin, Jacob  and
      Chang, Ming-Wei  and
      Lee, Kenton  and
      Toutanova, Kristina",
    booktitle = "Proceedings of the 2019 Conference of the North {A}merican Chapter of the Association for Computational Linguistics: Human Language Technologies, Volume 1 (Long and Short Papers)",
    month = jun,
    year = "2019",
    address = "Minneapolis, Minnesota",
    publisher = "Association for Computational Linguistics",
    url = "https://aclanthology.org/N19-1423",
    doi = "10.18653/v1/N19-1423",
    pages = "4171--4186",
    abstract = "We introduce a new language representation model called BERT, which stands for Bidirectional Encoder Representations from Transformers. Unlike recent language representation models (Peters et al., 2018a; Radford et al., 2018), BERT is designed to pre-train deep bidirectional representations from unlabeled text by jointly conditioning on both left and right context in all layers. As a result, the pre-trained BERT model can be fine-tuned with just one additional output layer to create state-of-the-art models for a wide range of tasks, such as question answering and language inference, without substantial task-specific architecture modifications. BERT is conceptually simple and empirically powerful. It obtains new state-of-the-art results on eleven natural language processing tasks, including pushing the GLUE score to 80.5 (7.7 point absolute improvement), MultiNLI accuracy to 86.7{\%} (4.6{\%} absolute improvement), SQuAD v1.1 question answering Test F1 to 93.2 (1.5 point absolute improvement) and SQuAD v2.0 Test F1 to 83.1 (5.1 point absolute improvement).",
}

@article{diet_classifier,
  title={Diet: Lightweight language understanding for dialogue systems},
  author={Bunk, Tanja and Varshneya, Daksh and Vlasov, Vladimir and Nichol, Alan},
  journal={arXiv preprint arXiv:2004.09936},
  year={2020}
}

@inproceedings{dan,
  title={Deep unordered composition rivals syntactic methods for text classification},
  author={Iyyer, Mohit and Manjunatha, Varun and Boyd-Graber, Jordan and Daum{\'e} III, Hal},
  booktitle={Proceedings of the 53rd annual meeting of the association for computational linguistics and the 7th international joint conference on natural language processing (volume 1: Long papers)},
  pages={1681--1691},
  year={2015}
}

@inproceedings{mt-lstm,
  title={Multi-timescale long short-term memory neural network for modelling sentences and documents},
  author={Liu, Pengfei and Qiu, Xipeng and Chen, Xinchi and Wu, Shiyu and Huang, Xuan-Jing},
  booktitle={Proceedings of the 2015 conference on empirical methods in natural language processing},
  pages={2326--2335},
  year={2015}
}

@article{dcnn,
  title={A convolutional neural network for modelling sentences},
  author={Kalchbrenner, Nal and Grefenstette, Edward and Blunsom, Phil},
  journal={arXiv preprint arXiv:1404.2188},
  year={2014}
}

@inproceedings{nse,
  title={Neural semantic encoders},
  author={Munkhdalai, Tsendsuren and Yu, Hong},
  booktitle={Proceedings of the conference. Association for Computational Linguistics. Meeting},
  volume={1},
  pages={397},
  year={2017},
  organization={NIH Public Access}
}

@article{softmax_paper,
  title={Training stochastic model recognition algorithms as networks can lead to maximum mutual information estimation of parameters},
  author={Bridle, John},
  journal={Advances in neural information processing systems},
  volume={2},
  year={1989}
}

@misc{attention_explained,
  author = {Jay Alammar},
  title = {Visualizing A Neural Machine Translation Model (Mechanics of Seq2seq Models With Attention)},
  year = 2018,
  url = {https://jalammar.github.io/visualizing-neural-machine-translation-mechanics-of-seq2seq-models-with-attention/},
  note = {[Acesso em 16 Nov. 2022]}}
  
@article{attention_paper1,
  title={Sequence to sequence learning with neural networks},
  author={Sutskever, Ilya and Vinyals, Oriol and Le, Quoc V},
  journal={Advances in neural information processing systems},
  volume={27},
  year={2014}
}

@article{attention_paper2,
  title={Learning phrase representations using RNN encoder-decoder for statistical machine translation},
  author={Cho, Kyunghyun and Van Merri{\"e}nboer, Bart and Gulcehre, Caglar and Bahdanau, Dzmitry and Bougares, Fethi and Schwenk, Holger and Bengio, Yoshua},
  journal={arXiv preprint arXiv:1406.1078},
  year={2014}
}

@inproceedings{bookcorpus_paper,
  title={Aligning books and movies: Towards story-like visual explanations by watching movies and reading books},
  author={Zhu, Yukun and Kiros, Ryan and Zemel, Rich and Salakhutdinov, Ruslan and Urtasun, Raquel and Torralba, Antonio and Fidler, Sanja},
  booktitle={Proceedings of the IEEE international conference on computer vision},
  pages={19--27},
  year={2015}
}

@article{roberta_paper,
  title={Roberta: A robustly optimized bert pretraining approach},
  author={Liu, Yinhan and Ott, Myle and Goyal, Naman and Du, Jingfei and Joshi, Mandar and Chen, Danqi and Levy, Omer and Lewis, Mike and Zettlemoyer, Luke and Stoyanov, Veselin},
  journal={arXiv preprint arXiv:1907.11692},
  year={2019}
}

@misc{diet_blog,
  author = {Mady Mantha},
  title = {Introducing DIET: state-of-the-art architecture that outperforms fine-tuning BERT and is 6X faster to train},
  year = 2020,
  url = {https://rasa.com/blog/introducing-dual-intent-and-entity-transformer-diet-state-of-the-art-performance-on-a-lightweight-architecture/},
  note = {[Acesso em 27 Nov. 2022]}}
  
@article{metrics_survey,
  title={Metrics for multi-class classification: an overview},
  author={Grandini, Margherita and Bagli, Enrico and Visani, Giorgio},
  journal={arXiv preprint arXiv:2008.05756},
  year={2020}
}

@article{sk,
 title={Scikit-learn: Machine Learning in {P}ython},
 author={Pedregosa, F. and Varoquaux, G. and Gramfort, A. and Michel, V.
         and Thirion, B. and Grisel, O. and Blondel, M. and Prettenhofer, P.
         and Weiss, R. and Dubourg, V. and Vanderplas, J. and Passos, A. and
         Cournapeau, D. and Brucher, M. and Perrot, M. and Duchesnay, E.},
 journal={Journal of Machine Learning Research},
 volume={12},
 pages={2825--2830},
 year={2011}
}

@misc{metrics_blog,
  author = {Boaz Shmueli},
  title = {Multi-Class Metrics Made Simple, Part I: Precision and Recall},
  year = 2019,
  url = {https://towardsdatascience.com/multi-class-metrics-made-simple-part-i-precision-and-recall-9250280bddc2},
  note = {[Acesso em 28 Nov. 2022]}}

@mastersthesis{relacionado_pt,
	Author = {Eduardo Gabriel Cortes},
	School = {Universidade Federal do Rio Grande do Sul},
	Year = {2019},
	Title = {Quando, Onde, Quem, O que ou Por que? Um Modelo Híbrido de Classificação de Perguntas para Sistemas de Question Answering},
	Address = {Porto Alegre, RS}}

@article{word2vec,
  title={Efficient estimation of word representations in vector space},
  author={Mikolov, Tomas and Chen, Kai and Corrado, Greg and Dean, Jeffrey},
  journal={arXiv preprint arXiv:1301.3781},
  year={2013}
}

@article{relacionado_tur, 
    title={Multi-Label Classification of E-Commerce Customer Reviews via Machine Learning}, 
    volume={11}, 
    ISSN={2075-1680}, 
    url={http://dx.doi.org/10.3390/axioms11090436}, 
    DOI={10.3390/axioms11090436}, 
    number={9}, 
    journal={Axioms}, 
    publisher={MDPI AG}, 
    author={Deniz, Emre and Erbay, Hasan and Coşar, Mustafa}, 
    year={2022}, 
    month={Aug}, 
    pages={436} 
}

@inproceedings{glove,
  title={Glove: Global vectors for word representation},
  author={Pennington, Jeffrey and Socher, Richard and Manning, Christopher D},
  booktitle={Proceedings of the 2014 conference on empirical methods in natural language processing (EMNLP)},
  pages={1532--1543},
  year={2014}
}

@inproceedings{relacionado_ing,
  title={Product Titles-to-Attributes As a Text-to-Text Task},
  author={Fuchs, Gilad and Acriche, Yoni},
  booktitle={Proceedings of The Fifth Workshop on e-Commerce and NLP (ECNLP 5)},
  pages={91--98},
  year={2022}
}

@article{relacionado_chi, 
    title={Building Task-Oriented Dialogue Systems for Online Shopping}, 
    volume={31}, 
    url={https://ojs.aaai.org/index.php/AAAI/article/view/11182}, 
    DOI={10.1609/aaai.v31i1.11182}, 
    abstractNote={ &lt;p&gt; We present a general solution towards building task-oriented dialogue systems for online shopping, aiming to assist online customers in completing various purchase-related tasks, such as searching products and answering questions, in a natural language conversation manner. As a pioneering work, we show what &amp;amp; how existing NLP techniques, data resources, and crowdsourcing can be leveraged to build such task-oriented dialogue systems for E-commerce usage. To demonstrate its effectiveness, we integrate our system into a mobile online shopping app. To the best of our knowledge, this is the first time that an AI bot in Chinese is practically used in online shopping scenario with millions of real consumers. Interesting and insightful observations are shown in the experimental part, based on the analysis of human-bot conversation log. Several current challenges are also pointed out as our future directions. &lt;/p&gt; }, 
    number={1}, 
    journal={Proceedings of the AAAI Conference on Artificial Intelligence}, 
    author={Yan, Zhao and Duan, Nan and Chen, Peng and Zhou, Ming and Zhou, Jianshe and Li, Zhoujun}, 
    year={2017}, 
    month={Fev.} 
}

@book{ibge1993,
	Address = {Rio de Janeiro},
	Author = {IBGE},
	Date-Added = {2013-08-21 13:56:10 +0000},
	Date-Modified = {2013-08-21 13:56:10 +0000},
	Edition = {3},
	Organization = {http://biblioteca.ibge.gov.br/visualizacao/livros/liv23907.pdf},
	Publisher = {Centro de Documenta{\c c}{\~a}o e Dissemina{\c c}{\~a}o de Informa{\c c}{\~o}es. Funda{\c c}{\~a}o Intituto Brasileiro de Geografia e Estat{\'\i}stica},
	Title = {Normas de apresenta{\c c}{\~a}o tabular},
	Urlaccessdate = {21 ago 2013},
	Year = {1993}}

@misc{abntex2-wiki-como-customizar,
	Author = {abnTeX2},
	Date-Added = {2013-03-23 21:39:21 +0000},
	Date-Modified = {2013-03-23 21:44:20 +0000},
	Howpublished = {Wiki do abnTeX2},
	Keywords = {wiki},
	Title = {Como customizar o abnTeX2},
	Url = {https://code.google.com/p/abntex2/wiki/ComoCustomizar},
	Urlaccessdate = {23 mar. 2013},
	Year = {2013},
	Bdsk-Url-1 = {https://code.google.com/p/abntex2/wiki/ComoCustomizar}}

@manual{talbot2012,
	Author = {Nicola L.C. Talbot},
	Date-Added = {2013-03-11 12:06:04 +0000},
	Date-Modified = {2013-03-11 12:06:56 +0000},
	Month = {Nov.},
	Title = {User Manual for glossaries.sty},
	Url = {http://mirrors.ctan.org/macros/latex/contrib/glossaries/glossaries-user.pdf},
	Urlaccessdate = {11 mar. 2013},
	Year = {2012},
	Bdsk-Url-1 = {http://mirrors.ctan.org/macros/latex/contrib/glossaries/glossaries-user.pdf}}

@manual{babel,
	Author = {Johannes Braams},
	Date-Added = {2013-02-17 13:37:14 +0000},
	Date-Modified = {2013-02-17 13:38:38 +0000},
	Month = {Apr.},
	Title = {Babel, a multilingual package for use with LATEX's standard document classes},
	Url = {http://mirrors.ctan.org/info/babel/babel.pdf},
	Urlaccessdate = {17 fev. 2013},
	Year = {2008},
	Bdsk-Url-1 = {http://mirrors.ctan.org/info/babel/babel.pdf}}

@manual{abntex2modelo-artigo,
	Annote = {Este documento {\'e} derivado do \cite{abnt-bibtex-doc}},
	Author = {abnTeX2},
	Date-Added = {2013-01-15 00:10:35 +0000},
	Date-Modified = {2013-02-04 12:05:47 +0000},
	Organization = {Equipe abnTeX2},
	Title = {Modelo Can{\^o}nico de Artigo Cient{\'\i}fico com abnTeX2},
	Url = {http://abntex2.googlecode.com/},
	Year = {2013},
	Bdsk-Url-1 = {http://code.google.com/p/abntex2/}}

@manual{abntex2modelo-relatorio,
	Annote = {Este documento {\'e} derivado do \cite{abnt-bibtex-doc}},
	Author = {abnTeX2},
	Date-Added = {2013-01-15 00:05:34 +0000},
	Date-Modified = {2013-02-04 12:05:50 +0000},
	Organization = {Equipe abnTeX2},
	Title = {Modelo Can{\^o}nico de Relat{\'o}rio T{\'e}cnico e/ou Cient{\'\i}fico com abnTeX2},
	Url = {http://abntex2.googlecode.com/},
	Year = {2013},
	Bdsk-Url-1 = {http://code.google.com/p/abntex2/}}

@manual{abntex2modelo,
	Annote = {Este documento {\'e} derivado do \cite{abnt-bibtex-doc}},
	Author = {abnTeX2},
	Date-Added = {2013-01-12 22:55:32 +0000},
	Date-Modified = {2013-02-04 12:05:54 +0000},
	Organization = {Equipe abnTeX2},
	Title = {Modelo Can{\^o}nico de Trabalho Acad{\^e}mico com abnTeX2},
	Url = {http://abntex2.googlecode.com/},
	Year = {2013},
	Bdsk-Url-1 = {http://code.google.com/p/abntex2/}}

@mastersthesis{araujo2012,
	Address = {Bras{\'\i}lia},
	Author = {Lauro C{\'e}sar Araujo},
	Date-Added = {2013-01-09 11:04:42 +0000},
	Date-Modified = {2013-01-09 11:04:42 +0000},
	Month = {mar.},
	School = {Universidade de Bras{\'\i}lia},
	Subtitle = {uma perspectiva de {A}rquitetura da {I}nforma{\c c}{\~a}o da {E}scola de {B}ras{\'\i}lia},
	Title = {Configura{\c c}{\~a}o},
	Year = {2012}}

@manual{memoir,
	Address = {Normandy Park, WA},
	Author = {Peter Wilson and Lars Madsen},
	Date-Added = {2013-01-09 10:37:50 +0000},
	Date-Modified = {2013-03-21 13:23:25 +0000},
	Organization = {The Herries Press},
	Title = {The Memoir Class for Configurable Typesetting - User Guide},
	Url = {http://mirrors.ctan.org/macros/latex/contrib/memoir/memman.pdf},
	Urlaccessdate = {19 dez. 2012},
	Year = {2010},
	Bdsk-Url-1 = {http://ctan.tche.br/macros/latex/contrib/memoir/memman.pdf}}

@manual{abntex2cite-alf,
	Annote = {Este documento {\'e} derivado do \cite{abnt-bibtex-alf-doc}},
	Author = {abnTeX2 and Lauro C{\'e}sar Araujo},
	Date-Added = {2013-01-09 10:37:45 +0000},
	Date-Modified = {2013-04-05 11:03:05 +0000},
	Organization = {Equipe abnTeX2},
	Title = {O pacote abntex2cite: t{\'o}picos espec{\'\i}ficos da ABNT NBR 10520:2002 e o estilo bibliogr{\'a}fico alfab{\'e}tico (sistema autor-data)},
	Url = {http://abntex2.googlecode.com/},
	Year = {2013},
	Bdsk-Url-1 = {http://code.google.com/p/abntex2/}}

@manual{abntex2cite,
	Annote = {Este documento {\'e} derivado do \cite{abnt-bibtex-doc}},
	Author = {abnTeX2 and Lauro C{\'e}sar Araujo},
	Date-Added = {2013-01-09 10:37:45 +0000},
	Date-Modified = {2013-04-05 10:47:36 +0000},
	Organization = {Equipe abnTeX2},
	Title = {O pacote abntex2cite: Estilos bibliogr{\'a}ficos compat{\'\i}veis com a ABNT NBR 6023},
	Url = {http://abntex2.googlecode.com/},
	Year = {2013},
	Bdsk-Url-1 = {http://code.google.com/p/abntex2/}}

@manual{abntex2classe,
	Author = {abnTeX2 and Lauro C{\'e}sar Araujo},
	Date-Added = {2013-01-09 10:37:38 +0000},
	Date-Modified = {2013-04-05 11:03:48 +0000},
	Organization = {Equipe abnTeX2},
	Title = {A classe abntex2: Modelo can{\^o}nico de trabalhos acad{\^e}micos brasileiros compat{\'\i}vel com as normas ABNT NBR 14724:2011, ABNT NBR 6024:2012 e outras},
	Url = {http://abntex2.googlecode.com/},
	Year = {2013},
	Bdsk-Url-1 = {http://code.google.com/p/abntex2/}}

@manual{NBR10520:2002,
	Address = {Rio de Janeiro},
	Date-Added = {2012-12-15 21:43:38 +0000},
	Date-Modified = {2013-01-12 22:17:20 +0000},
	Month = {ago.},
	Org-Short = {ABNT},
	Organization = {Associa{\c c}\~ao Brasileira de Normas T\'ecnicas},
	Pages = 7,
	Subtitle = {Informa{\c c}\~ao e documenta{\c c}\~ao --- Apresenta{\c c}\~ao de cita{\c c}\~oes em documentos},
	Title = {{NBR} 10520},
	Year = 2002}

@manual{NBR6024:2012,
	Address = {Rio de Janeiro},
	Date-Added = {2012-12-15 21:24:06 +0000},
	Date-Modified = {2012-12-15 21:24:28 +0000},
	Month = {fev.},
	Org-Short = {ABNT},
	Organization = {Associa{\c c}\~ao Brasileira de Normas T\'ecnicas},
	Pages = 4,
	Subtitle = {Numera{\c c}\~ao progressiva das se{\c c}\~oes de um documento},
	Title = {{NBR} 6024},
	Year = 2012}

@manual{NBR6028:2003,
	Address = {Rio de Janeiro},
	Date-Added = {2012-12-15 21:02:12 +0000},
	Date-Modified = {2012-12-15 21:02:50 +0000},
	Month = {nov.},
	Org-Short = {ABNT},
	Organization = {Associa{\c c}\~ao Brasileira de Normas T\'ecnicas},
	Pages = 2,
	Subtitle = {Resumo - Apresenta{\c c}{\~a}o},
	Title = {{NBR} 6028},
	Year = 2003}

@manual{NBR14724:2001,
	Address = {Rio de Janeiro},
	Date-Added = {2012-12-15 20:34:08 +0000},
	Date-Modified = {2012-12-15 20:34:08 +0000},
	Month = {jul.},
	Org-Short = {ABNT},
	Organization = {Associa{\c c}\~ao Brasileira de Normas T\'ecnicas},
	Pages = 6,
	Subtitle = {Informa{\c c}\~ao e documenta{\c c}\~ao --- trabalhos acad\^emicos --- apresenta{\c c}\~ao},
	Title = {{NBR} 14724},
	Year = 2001}

@manual{NBR14724:2002,
	Address = {Rio de Janeiro},
	Date-Added = {2012-12-15 20:34:17 +0000},
	Date-Modified = {2012-12-15 20:34:17 +0000},
	Month = {ago.},
	Org-Short = {ABNT},
	Organization = {Associa{\c c}\~ao Brasileira de Normas T\'ecnicas},
	Pages = 6,
	Subtitle = {Informa{\c c}\~ao e documenta{\c c}\~ao --- trabalhos acad\^emicos --- apresenta{\c c}\~ao},
	Title = {{NBR} 14724},
	Year = 2002}

@manual{NBR14724:2005,
	Address = {Rio de Janeiro},
	Date-Added = {2012-12-15 20:34:08 +0000},
	Date-Modified = {2012-12-15 20:35:25 +0000},
	Month = {dez.},
	Org-Short = {ABNT},
	Organization = {Associa{\c c}\~ao Brasileira de Normas T\'ecnicas},
	Pages = 9,
	Subtitle = {Informa{\c c}\~ao e documenta{\c c}\~ao --- trabalhos acad\^emicos --- apresenta{\c c}\~ao},
	Title = {{NBR} 14724},
	Year = 2005}

@manual{NBR14724:2011,
	Address = {Rio de Janeiro},
	Date-Added = {2012-12-15 20:34:08 +0000},
	Date-Modified = {2012-12-15 20:35:25 +0000},
	Month = {mar.},
	Note = {Substitui a Ref.~\citeonline{NBR14724:2005}},
	Org-Short = {ABNT},
	Organization = {Associa{\c c}\~ao Brasileira de Normas T\'ecnicas},
	Pages = 15,
	Subtitle = {Informa{\c c}\~ao e documenta{\c c}\~ao --- trabalhos acad\^emicos --- apresenta{\c c}\~ao},
	Title = {{NBR} 14724},
	Year = 2011}

@article{van86,
	Author = {{van}, Gigch, John P. and Leo L. Pipino},
	Journal = {Future Computing Systems},
	Number = {1},
	Pages = {71-97},
	Title = {In search for a paradigm for the discipline of information systems},
	Volume = {1},
	Year = {1986}}

@phdthesis{guizzardi2005,
	Address = {Enschede, The Netherlands},
	Author = {Giancarlo Guizzardi},
	Date-Added = {2012-04-23 11:35:28 +0000},
	Date-Modified = {2012-04-23 11:35:28 +0000},
	School = {Centre for Telematics and Information Technology, University of Twente},
	Title = {Ontological Foundations for Structural Conceptual Models},
	Url = {http://www.loa.istc.cnr.it/Guizzardi/SELMAS-CR.pdf},
	Urlaccessdate = {3 jul. 2011},
	Year = {2005},
	Bdsk-Url-1 = {http://www.loa.istc.cnr.it/Guizzardi/SELMAS-CR.pdf}}

@mastersthesis{macedo2005,
	Author = {Fl{\'a}via L. Macedo},
	Date-Added = {2012-04-23 11:35:13 +0000},
	Date-Modified = {2012-04-23 11:35:13 +0000},
	Keywords = {arquitetura da informa{\c c}{\~a}o},
	School = {Universidade de Bras{\'\i}lia},
	Title = {Arquitetura da Informa{\c c}{\~a}o: aspectos espistemol{\'o}gicos, cient{\'\i}ficos e pr{\'a}ticos.},
	Type = {Disserta{\c c}{\~a}o de Mestrado},
	Year = {2005}}

@manual{EIA649B,
	Address = {EUA},
	Date-Added = {2012-04-23 11:34:59 +0000},
	Date-Modified = {2012-04-23 11:34:59 +0000},
	Keywords = {norma},
	Month = {June},
	Organization = {TechAmerica},
	Title = {ANSI/EIA 649-B: Configuration Management Standard},
	Year = {2011}}

@inproceedings{masolo2010,
	Author = {Claudio Masolo},
	Booktitle = {Proceedings of the Twelfth International Conference on the Principles of Knowledge Representation and Reasoning (KR 2010)},
	Date-Added = {2012-04-23 11:34:38 +0000},
	Date-Modified = {2012-04-23 11:34:38 +0000},
	Editor = {Lin, F. and Sattler, U.},
	Pages = {258-268},
	Publisher = {AAAI Press},
	Title = {Understanding Ontological Levels},
	Url = {http://wiki.loa-cnr.it/Papers/kr10v0.7.pdf},
	Urlaccessdate = {2 jan. 2012},
	Year = {2010},
	Bdsk-Url-1 = {http://wiki.loa-cnr.it/Papers/kr10v0.7.pdf}}

@inbook{guarino1995,
	Address = {Vienna},
	Author = {Nicola Guarino},
	Booktitle = {Philosophy and the Cognitive Science},
	Date-Added = {2012-04-23 11:34:29 +0000},
	Date-Modified = {2012-04-23 11:34:29 +0000},
	Editor = {R. Casati and B. Smith and G. White},
	Month = {Sept.},
	Pages = {443-456},
	Publisher = {Holder-Pivhler-Tempsky},
	Title = {The Ontological Level},
	Url = {http://wiki.loa-cnr.it/Papers/OntLev.pdf},
	Urlaccessdate = {2 jan. 2012},
	Year = {1995},
	Bdsk-Url-1 = {http://wiki.loa-cnr.it/Papers/OntLev.pdf}}

@incollection{bates2010,
	Address = {New York},
	Author = {Marcia J. Bates},
	Booktitle = {Encyclopedia of Library and Information Sciences},
	Date-Added = {2012-04-23 11:34:29 +0000},
	Date-Modified = {2012-04-23 11:34:29 +0000},
	Edition = {3rd},
	Editor = {Marcia J. Bates and Mary Niles Maack},
	Pages = {2347-2360},
	Publisher = {CRC Press},
	Title = {Information},
	Url = {http://pages.gseis.ucla.edu/faculty/bates/articles/information.html},
	Urlaccessdate = {24 out. 2011},
	Volume = {3},
	Year = {2010},
	Bdsk-Url-1 = {http://pages.gseis.ucla.edu/faculty/bates/articles/information.html}}

@book{doxiadis1965,
	Author = {Constantinos A. Doxiadis},
	Date-Added = {2012-04-23 11:34:20 +0000},
	Date-Modified = {2012-04-23 11:34:20 +0000},
	Publisher = {Ceira - Coimbra},
	Title = {Arquitetura em Transi{\c c}{\~a}o},
	Year = {1965}}

@book{dewey1980,
	Address = {New York, NY, USA},
	Author = {John Dewey},
	Date-Added = {2012-04-23 11:34:16 +0000},
	Date-Modified = {2012-04-23 11:34:16 +0000},
	Publisher = {Perigee Books},
	Title = {Art as Experience},
	Year = {1980}}

@inproceedings{bertimbau,
  title={BERTimbau: pretrained BERT models for Brazilian Portuguese},
  author={Souza, F{\'a}bio and Nogueira, Rodrigo and Lotufo, Roberto},
  booktitle={Intelligent Systems: 9th Brazilian Conference, BRACIS 2020, Rio Grande, Brazil, October 20--23, 2020, Proceedings, Part I 9},
  pages={403--417},
  year={2020},
  organization={Springer}
}

@Article{lgpd,
  author       = {Brasil},
  title        = {Lei nº 13.709, de 14 de agosto de 2018},
  nota         = {Dispõe sobre o tratamento de dados pessoais, inclusive nos meios digitais, por pessoa natural ou por pessoa jurídica de direito público ou privado, com o objetivo de proteger os direitos fundamentais de liberdade e de privacidade e o livre desenvolvimento da personalidade da pessoa natural.},
  journal      = {Diário Oficial [da] República Federativa do Brasil},
  year         = {2018},
  date         = {2018-08-14},
  organization = {Brasil},
  url          = {https://www.planalto.gov.br/ccivil_03/_ato2015-2018/2018/lei/l13709.htm},
  urldate      = {2023-11-10},
  address      = {Brasília, DF},
  shorttitle   = {Lei nº 13.709/2018},
  timestamp    = {2023-11-10},
}